@inproceedings{garg2004detection,
  title={Detection and removal of rain from videos},
  author={Garg, Kshitiz and Nayar, Shree K},
  booktitle={IEEE Conference on Computer Vision and Pattern Recognition (CVPR)},
  pages={I--I},
  year={2004},
  organization={IEEE}
}
@article{garg2007vision,
	title={Vision and rain},
	author={Garg, Kshitiz and Nayar, Shree K},
	journal={International Journal of Computer Vision (IJCV)},
	volume={75},
	number={1},
	pages={3--27},
	year={2007},
	publisher={Springer}
}
@inproceedings{garg2005does,
	title={When does a camera see rain?},
	author={Garg, Kshitiz and Nayar, Shree K},
	booktitle={IEEE International Conference on Computer Vision (ICCV)},
	pages={1067--1074},
	year={2005},
	organization={IEEE}
}
@inproceedings{zhang2006rain,
	title={Rain removal in video by combining temporal and chromatic properties},
	author={Zhang, Xiaopeng and Li, Hao and Qi, Yingyi and Leow, Wee Kheng and Ng, Teck Khim},
	booktitle={International Conference on Multimedia and Expo (ICME)},
	pages={461--464},
	year={2006},
	organization={IEEE}
}
@inproceedings{zhao2008application,
  title={The application of histogram on rain detection in video},
  author={Zhao, Xudong and Liu, Peng and Liu, Jiafeng and Xianglong, Tang},
  booktitle={Joint International Conference on Information Sciences (JCIS)},
  pages={382--387},
  year={2008},
  organization={Atlantis Press}
}
@article{bossu2011rain,
  title={Rain or snow detection in image sequences through use of a histogram of orientation of streaks},
  author={Bossu, J{\'e}r{\'e}mie and Hautiere, Nicolas and Tarel, Jean-Philippe},
  journal={International Journal of Computer Vision (IJCV)},
  volume={93},
  number={3},
  pages={348--367},
  year={2011},
  publisher={Springer}
}

@article{barnum2010analysis,
  title={Analysis of rain and snow in frequency space},
  author={Barnum, Peter C and Narasimhan, Srinivasa and Kanade, Takeo},
  journal={International Journal of Computer Vision (IJCV)},
  volume={86},
  number={2-3},
  pages={256},
  year={2010},
  publisher={Springer}
}
@inproceedings{chen2013generalized,
	title={A generalized low-rank appearance model for spatio-temporally correlated rain streaks},
	author={Chen, Yi-Lei and Hsu, Chiou-Ting},
	booktitle={IEEE International Conference on Computer Vision (ICCV)},
	pages={1968--1975},
	year={2013}
}
@article{kim2015video,
	title={Video deraining and desnowing using temporal correlation and low-rank matrix completion},
	author={Kim, Jin-Hwan and Sim, Jae-Young and Kim, Chang-Su},
	journal={IEEE Transactions on Image Processing (TIP)},
	volume={24},
	number={9},
	pages={2658--2670},
	year={2015},
	publisher={IEEE}
}
@inproceedings{ren2017video,
	title={Video desnowing and deraining based on matrix decomposition},
	author={Ren, Weihong and Tian, Jiandong and Han, Zhi and Chan, Antoni and Tang, Yandong},
	booktitle={IEEE Conference on Computer Vision and Pattern Recognition (CVPR)},
	pages={4210--4219},
	year={2017}
}
@inproceedings{jiang2017novel,
	title={A novel tensor-based video rain streaks removal approach via utilizing discriminatively intrinsic priors},
	author={Jiang, Tai-Xiang and Huang, Ting-Zhu and Zhao, Xi-Le and Deng, Liang-Jian and Wang, Yao},
	booktitle={IEEE Conference on Computer Vision and Pattern Recognition (CVPR)},
	pages={4057--4066},
	year={2017}
}
@article{jiang2018fastderain,
	title={Fastderain: A novel video rain streak removal method using directional gradient priors},
	author={Jiang, Tai-Xiang and Huang, Ting-Zhu and Zhao, Xi-Le and Deng, Liang-Jian and Wang, Yao},
	journal={IEEE Transactions on Image Processing (TIP)},
	volume={28},
	number={4},
	pages={2089--2102},
	year={2018},
	publisher={IEEE}
}
@inproceedings{li2018video,
	title={Video rain streak removal by multiscale convolutional sparse coding},
	author={Li, Minghan and Xie, Qi and Zhao, Qian and Wei, Wei and Gu, Shuhang and Tao, Jing and Meng, Deyu},
	booktitle={IEEE Conference on Computer Vision and Pattern Recognition (CVPR)},
	pages={6644--6653},
	year={2018}
}
@inproceedings{chen2018robust,
	title={Robust video content alignment and compensation for rain removal in a cnn framework},
	author={Chen, Jie and Tan, Cheen-Hau and Hou, Junhui and Chau, Lap-Pui and Li, He},
	booktitle={IEEE Conference on Computer Vision and Pattern Recognition (CVPR)},
	pages={6286--6295},
	year={2018}
}
@inproceedings{liu2018erase,
	title={Erase or fill? deep joint recurrent rain removal and reconstruction in videos},
	author={Liu, Jiaying and Yang, Wenhan and Yang, Shuai and Guo, Zongming},
	booktitle={IEEE Conference on Computer Vision and Pattern Recognition (CVPR)},
	pages={3233--3242},
	year={2018}
}
@article{liu2018d3r,
	title={D3r-net: Dynamic routing residue recurrent network for video rain removal},
	author={Liu, Jiaying and Yang, Wenhan and Yang, Shuai and Guo, Zongming},
	journal={IEEE Transactions on Image Processing (TIP)},
	volume={28},
	number={2},
	pages={699--712},
	year={2018},
	publisher={IEEE}
}
@inproceedings{yang2019frame,
	title={Frame-consistent recurrent video deraining with dual-level flow},
	author={Yang, Wenhan and Liu, Jiaying and Feng, Jiashi},
	booktitle={IEEE Conference on Computer Vision and Pattern Recognition (CVPR)},
	pages={1661--1670},
	year={2019}
}
@inproceedings{yang2020self,
	title={Self-learning video rain streak removal: When cyclic consistency meets temporal correspondence},
	author={Yang, Wenhan and Tan, Robby T and Wang, Shiqi and Liu, Jiaying},
	booktitle={IEEE Conference on Computer Vision and Pattern Recognition (CVPR)},
	pages={1720--1729},
	year={2020}
}
@inproceedings{xu2012removing,
	title={Removing rain and snow in a single image using guided filter},
	author={Xu, Jing and Zhao, Wei and Liu, Peng and Tang, Xianglong},
	booktitle={IEEE International Conference on Computer Science and Automation Engineering (CSAE)},
	pages={304--307},
	year={2012},
	organization={IEEE}
}
@inproceedings{zheng2013single,
	title={Single-image-based rain and snow removal using multi-guided filter},
	author={Zheng, Xianhui and Liao, Yinghao and Guo, Wei and Fu, Xueyang and Ding, Xinghao},
	booktitle={International Conference on Neural Information Processing (ICONIP)},
	pages={258--265},
	year={2013},
	organization={Springer}
}

@inproceedings{kim2013single,
	title={Single-image deraining using an adaptive nonlocal means filter},
	author={Kim, Jin-Hwan and Lee, Chul and Sim, Jae-Young and Kim, Chang-Su},
	booktitle={IEEE International Conference on Image Processing (ICIP)},
	pages={914--917},
	year={2013},
	organization={IEEE}
}
@inproceedings{fu2011single,
	title={Single-frame-based rain removal via image decomposition},
	author={Fu, Yu-Hsiang and Kang, Li-Wei and Lin, Chia-Wen and Hsu, Chiou-Ting},
	booktitle={IEEE International Conference on Acoustics, Speech and Signal Processing (ICASSP)},
	pages={1453--1456},
	year={2011},
	organization={IEEE}
}
@article{kang2011automatic,
	title={Automatic single-image-based rain streaks removal via image decomposition},
	author={Kang, Li-Wei and Lin, Chia-Wen and Fu, Yu-Hsiang},
	journal={IEEE Transactions on Image Processing (TIP)},
	volume={21},
	number={4},
	pages={1742--1755},
	year={2011},
	publisher={IEEE}
}
@inproceedings{sun2014exploiting,
	title={Exploiting image structural similarity for single image rain removal},
	author={Sun, Shao-Hua and Fan, Shang-Pu and Wang, Yu-Chiang Frank},
	booktitle={IEEE International Conference on Image Processing (ICIP)},
	pages={4482--4486},
	year={2014},
	organization={IEEE}
}
@article{chen2014visual,
	title={Visual depth guided color image rain streaks removal using sparse coding},
	author={Chen, Duan-Yu and Chen, Chien-Cheng and Kang, Li-Wei},
	journal={IEEE Transactions on Circuits and Systems for Video Technology (TCSVT)},
	volume={24},
	number={8},
	pages={1430--1455},
	year={2014},
	publisher={IEEE}
}
@article{wang2017hierarchical,
	title={A hierarchical approach for rain or snow removing in a single color image},
	author={Wang, Yinglong and Liu, Shuaicheng and Chen, Chen and Zeng, Bing},
	journal={IEEE Transactions on Image Processing (TIP)},
	volume={26},
	number={8},
	pages={3936--3950},
	year={2017},
	publisher={IEEE}
}
@inproceedings{dsc,
	title={Removing rain from a single image via discriminative sparse coding},
	author={Luo, Yu and Xu, Yong and Ji, Hui},
	booktitle={IEEE International Conference on Computer Vision (ICCV)},
	pages={3397--3405},
	year={2015}
}
@inproceedings{gmm,
	title={Rain streak removal using layer priors},
	author={Li, Yu and Tan, Robby T and Guo, Xiaojie and Lu, Jiangbo and Brown, Michael S},
	booktitle={IEEE Conference on Computer Vision and Pattern Recognition (CVPR)},
	pages={2736--2744},
	year={2016}
}
@inproceedings{zhu2017joint,
	title={Joint bi-layer optimization for single-image rain streak removal},
	author={Zhu, Lei and Fu, Chi-Wing and Lischinski, Dani and Heng, Pheng-Ann},
	booktitle={IEEE International Conference on Computer Vision (ICCV)},
	pages={2526--2534},
	year={2017}
}
@article{cnn,
	title={Clearing the skies: A deep network architecture for single-image rain removal},
	author={Fu, Xueyang and Huang, Jiabin and Ding, Xinghao and Liao, Yinghao and Paisley, John},
	journal={IEEE Transactions on Image Processing (TIP)},
	volume={26},
	number={6},
	pages={2944--2956},
	year={2017},
	publisher={IEEE}
}
@inproceedings{resnet,
	title={Deep residual learning for image recognition},
	author={He, Kaiming and Zhang, Xiangyu and Ren, Shaoqing and Sun, Jian},
	booktitle={IEEE Conference on Computer Vision and Pattern Recognition (CVPR)},
	pages={770--778},
	year={2016}
}
@inproceedings{ddn,
	title={Removing rain from single images via a deep detail network},
	author={Fu, Xueyang and Huang, Jiabin and Zeng, Delu and Huang, Yue and Ding, Xinghao and Paisley, John},
	booktitle={IEEE Conference on Computer Vision and Pattern Recognition (CVPR)},
	pages={3855--3863},
	year={2017}
}
@inproceedings{jorder,
	title={Deep joint rain detection and removal from a single image},
	author={Yang, Wenhan and Tan, Robby T and Feng, Jiashi and Liu, Jiaying and Guo, Zongming and Yan, Shuicheng},
	booktitle={IEEE Conference on Computer Vision and Pattern Recognition (CVPR)},
	pages={1357--1366},
	year={2017}
}
@article{idcgan,
	title={Image de-raining using a conditional generative adversarial network},
	author={Zhang, He and Sindagi, Vishwanath and Patel, Vishal M},
	journal={IEEE Transactions on Circuits and Systems for Video Technology (TCSVT)},
	volume={30},
	number={11},
	pages={3943--3956},
	year={2019},
	publisher={IEEE}
}
@inproceedings{didmdn,
	title={Density-aware single image de-raining using a multi-stream dense network},
	author={Zhang, He and Patel, Vishal M},
	booktitle={IEEE Conference on Computer Vision and Pattern Recognition (CVPR)},
	pages={695--704},
	year={2018}
}
@inproceedings{spanet,
	title={Spatial attentive single-image deraining with a high quality real rain dataset},
	author={Wang, Tianyu and Yang, Xin and Xu, Ke and Chen, Shaozhe and Zhang, Qiang and Lau, Rynson WH},
	booktitle={IEEE Conference on Computer Vision and Pattern Recognition (CVPR)},
	pages={12270--12279},
	year={2019}
}
@inproceedings{rcdnet,
	title={A model-driven deep neural network for single image rain removal},
	author={Wang, Hong and Xie, Qi and Zhao, Qian and Meng, Deyu},
	booktitle={IEEE Conference on Computer Vision and Pattern Recognition (CVPR)},
	pages={3103--3112},
	year={2020}
}
@article{fu2019lightweight,
	title={Lightweight pyramid networks for image deraining},
	author={Fu, Xueyang and Liang, Borong and Huang, Yue and Ding, Xinghao and Paisley, John},
	journal={IEEE Transactions on Neural Networks and Learning Systems (TNNLS)},
	volume={31},
	number={6},
	pages={1794--1807},
	year={2019},
	publisher={IEEE}
}
@inproceedings{syn2real,
	title={Syn2Real transfer learning for image deraining using Gaussian processes},
	author={Yasarla, Rajeev and Sindagi, Vishwanath A and Patel, Vishal M},
	booktitle={IEEE Conference on Computer Vision and Pattern Recognition (CVPR)},
	pages={2726--2736},
	year={2020}
}
@inproceedings{semi,
	title={Semi-supervised transfer learning for image rain removal},
	author={Wei, Wei and Meng, Deyu and Zhao, Qian and Xu, Zongben and Wu, Ying},
	booktitle={IEEE Conference on Computer Vision and Pattern Recognition (CVPR)},
	pages={3877--3886},
	year={2019}
}

@inproceedings{prenet,
	title={Progressive image deraining networks: A better and simpler baseline},
	author={Ren, Dongwei and Zuo, Wangmeng and Hu, Qinghua and Zhu, Pengfei and Meng, Deyu},
	booktitle={IEEE Conference on Computer Vision and Pattern Recognition (CVPR)},
	pages={3937--3946},
	year={2019}
}
@inproceedings{rescan,
	title={Recurrent squeeze-and-excitation context aggregation net for single image deraining},
	author={Li, Xia and Wu, Jianlong and Lin, Zhouchen and Liu, Hong and Zha, Hongbin},
	booktitle={European Conference on Computer Vision (ECCV)},
	pages={254--269},
	year={2018}
}
@inproceedings{mspfn,
	title={Multi-scale progressive fusion network for single image deraining},
	author={Jiang, Kui and Wang, Zhongyuan and Yi, Peng and Chen, Chen and Huang, Baojin and Luo, Yimin and Ma, Jiayi and Jiang, Junjun},
	booktitle={IEEE Conference on Computer Vision and Pattern Recognition (CVPR)},
	pages={8346--8355},
	year={2020}
}
@inproceedings{yang2019single,
	title={Single image deraining using a recurrent multi-scale aggregation and enhancement network},
	author={Yang, Youzhao and Lu, Hong},
	booktitle={IEEE International Conference on Multimedia and Expo (ICME)},
	pages={1378--1383},
	year={2019},
	organization={IEEE}
}
@inproceedings{cyclegan,
	title={Unpaired image-to-image translation using cycle-consistent adversarial networks},
	author={Zhu, Jun-Yan and Park, Taesung and Isola, Phillip and Efros, Alexei A},
	booktitle={IEEE International Conference on Computer Vision (ICCV)},
	pages={2223--2232},
	year={2017}
}
@article{monga2021algorithm,
	title={Algorithm unrolling: Interpretable, efficient deep learning for signal and image processing},
	author={Monga, Vishal and Li, Yuelong and Eldar, Yonina C},
	journal={IEEE Signal Processing Magazine (SPM)},
	volume={38},
	number={2},
	pages={18--44},
	year={2021},
	publisher={IEEE}
}
@inproceedings{csc,
	title={Deconvolutional networks},
	author={Zeiler, Matthew D and Krishnan, Dilip and Taylor, Graham W and Fergus, Rob},
	booktitle={IEEE Conference on Computer Vision and Pattern Recognition (CVPR)},
	pages={2528--2535},
	year={2010},
	organization={IEEE}
}
@inproceedings{densenet,
  title={Densely connected convolutional networks},
  author={Huang, Gao and Liu, Zhuang and Van Der Maaten, Laurens and Weinberger, Kilian Q},
  booktitle={IEEE Conference on Computer Vision and Pattern Recognition (CVPR)},
  pages={4700--4708},
  year={2017}
}
@article{lstm,
  title={Long short-term memory},
  author={Hochreiter, Sepp and Schmidhuber, J{\"u}rgen},
  journal={Neural Computation},
  volume={9},
  number={8},
  pages={1735--1780},
  year={1997},
  publisher={MIT Press}
}
@article{desnownet,
title={DesnowNet: Context-aware deep network for snow removal},
author={Liu, Yunfu and Jaw, Dawei and Huang, Shihchia and Hwang, Jenqneng},
journal={IEEE Transactions on Image Processing (TIP)},
volume={27},
number={6},
pages={3064--3073},
year={2018}}

@article{wei2018deep,
  title={Deep retinex decomposition for low-light enhancement},
  author={Wei, Chen and Wang, Wenjing and Yang, Wenhan and Liu, Jiaying},
  journal={arXiv preprint arXiv:1808.04560},
  year={2018}
}
@inproceedings{cai2019toward,
  title={Toward real-world single image super-resolution: A new benchmark and a new model},
  author={Cai, Jianrui and Zeng, Hui and Yong, Hongwei and Cao, Zisheng and Zhang, Lei},
  booktitle={IEEE International Conference on Computer Vision (ICCV)},
  pages={3086--3095},
  year={2019}
}
@inproceedings{rcan,
	title={Image super-resolution using very deep residual channel attention networks},
	author={Zhang, Yulun and Li, Kunpeng and Li, Kai and Wang, Lichen and Zhong, Bineng and Fu, Yun},
	booktitle={European Conference on Computer Vision (ECCV)},
	pages={286--301},
	year={2018},
	organization={Springer}
}
@inproceedings{senet,
	title={Squeeze-and-excitation networks},
	author={Hu, Jie and Shen, Li and Sun, Gang},
	booktitle={IEEE Conference on Computer Vision and Pattern Recognition (CVPR)},
	pages={7132--7141},
	year={2018}
}
%author={展小云 and 郭明航 and 赵军 and 史海静 and 税军峰},
@article{texing,
	title={基于粒子成像瞬态测量技术的雨滴微物理特性及降雨动能研究},
	author={展小云 and 郭明航 and 赵军等},
	journal={Transations of the Chinese Society of Agricultural Engineering (TCSAE)},
	volume={34},
	number={2},
	year={2018}
}
%author={林向伟 and 曾焕强 and 侯进辉 and 朱建清 and 蔡灿辉},
@article{lin2019,
	title={基于多细节卷积神经网络的单幅图像去雨方法},
	author={林向伟 and 曾焕强 and 侯进辉等},
	journal={信号处理},
	volume={35},
	number={3},
	pages={460--465},
	year={2019}
}
%author={傅雪阳 and 孙琦 and 黄悦 and 丁兴号},
@article{fu2019,
	title={基于深度邻近连接网络的单幅图像去雨方法 },
	author={傅雪阳 and 孙琦 and 黄悦等},
	journal={计算机科学},
	volume={47},
	number={2},
	pages={106--111},
	year={2019}
}
@article{dong2013,
  title={一种视频雨滴检测与消除的方法},
  author={董蓉 and 李勃 and 陈启美},
  journal={自动化学报},
  volume={39},
  number={7},
  pages={1093--1099},
  year={2013}
}
@article{wang2020,
  title={自适应卷积的残差修正单幅图像去雨},
  author={王美华 and 何海君 and 李超},
  journal={中国图象图形学报},
  volume={25},
  number={12},
  pages={2484--2493},
  year={2020}
}
@article{lin2020,
  title={基于改进的残差网络的图像去雨方法},
  author={林裕鹏 and 刘怡俊},
  journal={计算机与数字工程},
  volume={48},
  number={8},
  pages={2004--2008},
  year={2020}
}
%author={安鹤男 and 涂志伟 and 张昌林 and 李蔚 and 刘佳},
@article{an2019,
  title={单张图像去雨的多流细节加强网络},
  author={安鹤男 and 涂志伟 and 张昌林等},
  journal={计算机系统应用},
  volume={28},
  number={11},
  pages={202--207},
  year={2019}
}

@article{narasimhan2002vision,
	title={Vision and the atmosphere},
	author={Narasimhan, Srinivasa G and Nayar, Shree K},
	journal={International Journal of Computer Vision (IJCV)},
	volume={48},
	number={3},
	pages={233--254},
	year={2002},
	publisher={Springer}
}
@article{scsr,
	title={Image super-resolution via sparse representation},
	author={Yang, Jianchao and Wright, John and Huang, Thomas S and Ma, Yi},
	journal={IEEE Transactions on Image Processing (TIP)},
	volume={19},
	number={11},
	pages={2861--2873},
	year={2010},
	publisher={IEEE}
}
@inproceedings{cscsr,
	title={Convolutional sparse coding for image super-resolution},
	author={Gu, Shuhang and Zuo, Wangmeng and Xie, Qi and Meng, Deyu and Feng, Xiangchu and Zhang, Lei},
	booktitle={IEEE International Conference on Computer Vision (ICCV)},
	pages={1823--1831},
	year={2015}
}
@article{liu2016image,
	title={Image fusion with convolutional sparse representation},
	author={Liu, Yu and Chen, Xun and Ward, Rabab K and Wang, Z Jane},
	journal={IEEE Signal Processing Letters (SPL)},
	volume={23},
	number={12},
	pages={1882--1886},
	year={2016},
	publisher={IEEE}
}
@article{zhang2017convolutional,
	title={Convolutional sparse and low-rank coding-based image decomposition},
	author={Zhang, He and Patel, Vishal M},
	journal={IEEE Transactions on Image Processing (TIP)},
	volume={27},
	number={5},
	pages={2121--2133},
	year={2017},
	publisher={IEEE}
}
@inproceedings{heide2015fast,
	title={Fast and flexible convolutional sparse coding},
	author={Heide, Felix and Heidrich, Wolfgang and Wetzstein, Gordon},
	booktitle={IEEE Conference on Computer Vision and Pattern Recognition (CVPR)},
	pages={5135--5143},
	year={2015}
}
@article{garcia2018convolutional,
	title={Convolutional dictionary learning: A comparative review and new algorithms},
	author={Garcia-Cardona, Cristina and Wohlberg, Brendt},
	journal={IEEE Transactions on Computational Imaging (TCI)},
	volume={4},
	number={3},
	pages={366--381},
	year={2018},
	publisher={IEEE}
}
@inproceedings{wohlberg2014efficient,
	title={Efficient convolutional sparse coding},
	author={Wohlberg, Brendt},
	booktitle={IEEE International Conference on Acoustics, Speech and Signal Processing (ICASSP)},
	pages={7173--7177},
	year={2014},
	organization={IEEE}
}
@article{admm,
	title={Distributed optimization and statistical learning via the alternating direction method of multipliers},
	author={Boyd, Stephen and Parikh, Neal and Chu, Eric and Peleato, Borja and Eckstein, Jonathan and others},
	journal={Foundations and Trends in Machine Learning},
	volume={3},
	number={1},
	pages={1--122},
	year={2011},
	publisher={Now Publishers, Inc.}
}
@article{elad2006image,
	title={Image denoising via sparse and redundant representations over learned dictionaries},
	author={Elad, Michael and Aharon, Michal},
	journal={IEEE Transactions on Image Processing (TIP)},
	volume={15},
	number={12},
	pages={3736--3745},
	year={2006},
	publisher={IEEE}
}
@article{yang2012pixel,
	title={Pixel-level image fusion with simultaneous orthogonal matching pursuit},
	author={Yang, Bin and Li, Shutao},
	journal={Information Fusion},
	volume={13},
	number={1},
	pages={10--19},
	year={2012},
	publisher={Elsevier}
}
@inproceedings{zhong2012robust,
	title={Robust object tracking via sparsity-based collaborative model},
	author={Zhong, Wei and Lu, Huchuan and Yang, Ming-Hsuan},
	booktitle={IEEE Conference on Computer Vision and Pattern Recognition (CVPR)},
	pages={1838--1845},
	year={2012},
	organization={IEEE}
}
@article{chen2011hyperspectral,
	title={Hyperspectral image classification using dictionary-based sparse representation},
	author={Chen, Yi and Nasrabadi, Nasser M and Tran, Trac D},
	journal={IEEE Transactions on Geoscience and Remote Sensing (TGRS)},
	volume={49},
	number={10},
	pages={3973--3985},
	year={2011},
	publisher={IEEE}
}
@article{papyan2017convolutional,
	title={Convolutional neural networks analyzed via convolutional sparse coding},
	author={Papyan, Vardan and Romano, Yaniv and Elad, Michael},
	journal={The Journal of Machine Learning Research (JMLR)},
	volume={18},
	number={1},
	pages={2887--2938},
	year={2017},
	publisher={JMLR. org}
}
@inproceedings{bristow2013fast,
	title={Fast convolutional sparse coding},
	author={Bristow, Hilton and Eriksson, Anders and Lucey, Simon},
	booktitle={IEEE Conference on Computer Vision and Pattern Recognition (CVPR)},
	pages={391--398},
	year={2013}
}
@inproceedings{unet,
	title={U-net: Convolutional networks for biomedical image segmentation},
	author={Ronneberger, Olaf and Fischer, Philipp and Brox, Thomas},
	booktitle={International Conference on Medical Image Computing and Computer-Assisted Intervention (MICCAI)},
	pages={234--241},
	year={2015},
	organization={Springer}
}
@article{mresunet,
	title={MultiResUNet: Rethinking the U-Net architecture for multimodal biomedical image segmentation},
	author={Ibtehaz, Nabil and Rahman, M Sohel},
	journal={Neural Networks},
	volume={121},
	pages={74--87},
	year={2020},
	publisher={Elsevier}
}
@inproceedings{zeng2018neural,
  title={Neural procedural reconstruction for residential buildings},
  author={Zeng, Huayi and Wu, Jiaye and Furukawa, Yasutaka},
  booktitle={European Conference on Computer Vision (ECCV)},
  pages={737--753},
  year={2018},
  organization={Springer}
}
@inproceedings{he2016identity,
  title={Identity mappings in deep residual networks},
  author={He, Kaiming and Zhang, Xiangyu and Ren, Shaoqing and Sun, Jian},
  booktitle={European Conference on Computer Vision (ECCV)},
  pages={630--645},
  year={2016},
  organization={Springer}
}
@inproceedings{usrnet,
	title={Deep unfolding network for image super-resolution},
	author={Zhang, Kai and Goo l, Luc Van and Timofte, Radu},
	booktitle={IEEE Conference on Computer Vision and Pattern Recognition (CVPR)},
	pages={3217--3226},
	year={2020}
}
@inproceedings{lista,
	title={Learning fast approximations of sparse coding},
	author={Gregor, Karol and LeCun, Yann},
	booktitle={International Conference on Machine Learning (ICML)},
	pages={399--406},
	year={2010}
}
@article{yang2018admm,
	title={ADMM-CSNet: A deep learning approach for image compressive sensing},
	author={Yang, Yan and Sun, Jian and Li, Huibin and Xu, Zongben},
	journal={IEEE Transactions on Pattern Analysis and Machine Intelligence (TPAMI)},
	volume={42},
	number={3},
	pages={521--538},
	year={2018},
	publisher={IEEE}
}
@inproceedings{lohit2019unrolled,
	title={Unrolled projected gradient descent for multi-spectral image fusion},
	author={Lohit, Suhas and Liu, Dehong and Mansour, Hassan and Boufounos, Petros T},
	booktitle={IEEE International Conference on Acoustics, Speech and Signal Processing (ICASSP)},
	pages={7725--7729},
	year={2019},
	organization={IEEE}
}
@article{gan2014,
  title={Generative adversarial nets},
  author={Goodfellow, Ian and Pouget-Abadie, Jean and Mirza, Mehdi and Xu, Bing and Warde-Farley, David and Ozair, Sherjil and Courville, Aaron and Bengio, Yoshua},
  journal={Advances in Neural Information Processing Systems},
  volume={27},
  pages={2672--2680},
  year={2014}
}
@inproceedings{pix2pix,
	title={Image-to-image translation with conditional adversarial networks},
	author={Isola, Phillip and Zhu, Jun-Yan and Zhou, Tinghui and Efros, Alexei A},
	booktitle={IEEE Conference on Computer Vision and Pattern Recognition (CVPR)},
	pages={1125--1134},
	year={2017}
}
@inproceedings{srgan,
	title={Photo-realistic single image super-resolution using a generative adversarial network},
	author={Ledig, Christian and Theis, Lucas and Husz{\'a}r, Ferenc and Caballero, Jose and Cunningham, Andrew and Acosta, Alejandro and Aitken, Andrew and Tejani, Alykhan and Totz, Johannes and Wang, Zehan and others},
	booktitle={IEEE Conference on Computer Vision and Pattern Recognition (CVPR)},
	pages={4681--4690},
	year={2017}
}
@inproceedings{stylegan,
	title={A style-based generator architecture for generative adversarial networks},
	author={Karras, Tero and Laine, Samuli and Aila, Timo},
	booktitle={IEEE Conference on Computer Vision and Pattern Recognition (CVPR)},
	pages={4401--4410},
	year={2019}
}
@article{mnist,
	title={Gradient-based learning applied to document recognition},
	author={LeCun, Yann and Bottou, L{\'e}on and Bengio, Yoshua and Haffner, Patrick},
	journal={Proceedings of the IEEE (P IEEE)},
	volume={86},
	number={11},
	pages={2278--2324},
	year={1998},
	publisher={Ieee}
}
@article{cgan,
	title={Conditional generative adversarial nets},
	author={Mirza, Mehdi and Osindero, Simon},
	journal={arXiv preprint arXiv:1411.1784},
	year={2014}
}
@article{donoho2006compressed,
	title={Compressed sensing},
	author={Donoho, David L},
	journal={IEEE Transactions on Information Theory (TIT)},
	volume={52},
	number={4},
	pages={1289--1306},
	year={2006},
	publisher={IEEE}
}
@article{ista,
	title={An iterative thresholding algorithm for linear inverse problems with a sparsity constraint},
	author={Daubechies, Ingrid and Defrise, Michel and De Mol, Christine},
	journal={Communications on Pure and Applied Mathematics},
	volume={57},
	number={11},
	pages={1413--1457},
	year={2004},
	publisher={Wiley Online Library}
}
@article{reweight,
	title={Enhancing sparsity by reweighted $\ell_{1}$ minimization},
	author={Candes, Emmanuel J and Wakin, Michael B and Boyd, Stephen P},
	journal={Journal of Fourier Analysis and Applications},
	volume={14},
	number={5-6},
	pages={877--905},
	year={2008},
	publisher={Springer}
}

@inproceedings{adam,
	title={Adam: A method for stochastic optimization},
	author={Kingma, Diederik P and Ba, Jimmy},
	booktitle={International Conference on Learning Representations (ICLR)},
	pages={468--675},
	year={2015}
}

@inproceedings{He2015DelvingDI,
  title={Delving deep into rectifiers: Surpassing human-level performance on imagenet classification},
  author={He, Kaiming and Zhang, Xiangyu and Ren, Shaoqing and Sun, Jian},
  booktitle={IEEE International Conference on Computer Vision (ICCV)},
  pages={1026--1034},
  year={2015}
}
@inproceedings{esrgan,
  title={ESRGAN: Enhanced super-resolution generative adversarial networks},
  author={Wang, Xintao and Yu, Ke and Wu, Shixiang and Gu, Jinjin and Liu, Yihao and Dong, Chao and Qiao, Yu and Loy, Chen Change},
  booktitle={European Conference on Computer Vision (ECCV)},
  pages={63--79},
  year={2018},
  organization={Springer}
}

@inproceedings{yolov1,
  title={You only look once: Unified, real-time object detection},
  author={Redmon, Joseph and Divvala, Santosh and Girshick, Ross and Farhadi, Ali},
  booktitle={IEEE Conference on Computer Vision and Pattern Recognition (CVPR)},
  pages={779--788},
  year={2016}
}

@inproceedings{drrn,
  title={Image super-resolution via deep recursive residual network},
  author={Tai, Ying and Yang, Jian and Liu, Xiaoming},
  booktitle={ IEEE Conference on Computer Vision and Pattern Recognition (CVPR)},
  pages={3147--3155},
  year={2017}
}
@inproceedings{vdsr,
  title={Accurate image super-resolution using very deep convolutional networks},
  author={Kim, Jiwon and Lee, Jung Kwon and Lee, Kyoung Mu},
  booktitle={ IEEE Conference on Computer Vision and Pattern Recognition (CVPR)},
  pages={1646--1654},
  year={2016}
}

@misc{yolov5,
	title={YOLOv5},
	author={Jocher, G and Stoken, A and Borovec, J and NanoCode012, C and Changyu, L},
	year={2021},
	url={https://github.com/ultralytics/yolov5}
}
